<mx:record xmlns="http://www.w3.org/TR/xhtml1/strict" xmlns:mx="http://www.loc.gov/MARC21/slim" xmlns:xsi="http://www.w3.org/2001/XMLSchema-instance"><mx:leader>00000cz   2200000n  4500</mx:leader><mx:controlfield tag="001">oca05248936 </mx:controlfield><mx:controlfield tag="005">20000628093255.0</mx:controlfield><mx:controlfield tag="008">000627n| acannaabn          |a aaa      </mx:controlfield><mx:datafield ind1=" " ind2=" " tag="010"><mx:subfield code="a">n  00022125 </mx:subfield></mx:datafield><mx:datafield ind1=" " ind2=" " tag="040"><mx:subfield code="a">DLC</mx:subfield><mx:subfield code="b">eng</mx:subfield><mx:subfield code="c">DLC</mx:subfield><mx:subfield code="d">DLC</mx:subfield></mx:datafield><mx:datafield ind1="0" ind2=" " tag="100"><mx:subfield code="a">Robert</mx:subfield><mx:subfield code="b">II,</mx:subfield><mx:subfield code="c">King of France,</mx:subfield><mx:subfield code="d">ca. 970-1031</mx:subfield></mx:datafield><mx:datafield ind1="0" ind2=" " tag="400"><mx:subfield code="a">Robert</mx:subfield><mx:subfield code="b">II,</mx:subfield><mx:subfield code="c">le Pieux, King of France,</mx:subfield><mx:subfield code="d">970 (ca.)-1031</mx:subfield><mx:subfield code="w">nnaa</mx:subfield></mx:datafield><mx:datafield ind1="0" ind2=" " tag="400"><mx:subfield code="a">Robert,</mx:subfield><mx:subfield code="c">le Pieux,</mx:subfield><mx:subfield code="d">ca. 970-1031</mx:subfield></mx:datafield><mx:datafield ind1=" " ind2=" " tag="670"><mx:subfield code="a">Robert le Pieux, c1999.</mx:subfield></mx:datafield><mx:datafield ind1=" " ind2=" " tag="670"><mx:subfield code="a">LC database, 06-27-00</mx:subfield><mx:subfield code="b">(hdg.: Robert II, le Pieux, King of France, 970 (ca.)-1031)</mx:subfield></mx:datafield></mx:record>